<record><leader>00000cas a2200000 a 4500</leader><controlfield tag="001">12961151</controlfield><controlfield tag="008">851231d19181927aruwr ne      0    0eng d</controlfield><datafield ind1=" " ind2=" " tag="010"><subfield code="a">sn 85032950 </subfield></datafield><datafield ind1=" " ind2=" " tag="040"><subfield code="a">KSH</subfield><subfield code="b">eng</subfield><subfield code="c">KSH</subfield><subfield code="d">NPT</subfield><subfield code="d">ANU</subfield><subfield code="d">OCL</subfield><subfield code="d">OCLCQ</subfield></datafield><datafield ind1=" " ind2=" " tag="042"><subfield code="a">msc</subfield></datafield><datafield ind1="0" ind2=" " tag="130"><subfield code="a">Herald-Democrat (Clarksville, Ark. : Weekly : 1918)</subfield></datafield><datafield ind1="1" ind2="4" tag="245"><subfield code="a">The Herald-Democrat.</subfield></datafield><datafield ind1=" " ind2=" " tag="260"><subfield code="a">Clarksville, Ark. :</subfield><subfield code="b">Wright &amp; Ellis</subfield></datafield><datafield ind1=" " ind2=" " tag="300"><subfield code="a">v.</subfield></datafield><datafield ind1=" " ind2=" " tag="310"><subfield code="a">Weekly</subfield></datafield><datafield ind1="0" ind2=" " tag="362"><subfield code="a">Vol. 42, no. 24 (Aug. 15, 1918)-v. 50, no. 49 (Feb. 3, 1927).</subfield></datafield><datafield ind1=" " ind2=" " tag="752"><subfield code="a">United States</subfield><subfield code="b">Arkansas</subfield><subfield code="c">Johnson</subfield><subfield code="d">Clarksville.</subfield></datafield><datafield ind1="0" ind2="4" tag="780"><subfield code="t">Johnson County herald (Clarksville, Ark.)</subfield><subfield code="w">(DLC)sn 89051323</subfield></datafield><datafield ind1="0" ind2="4" tag="780"><subfield code="t">Clarksville Democrat (Clarksville, Ark.)</subfield><subfield code="w">(DLC)sn 89051321</subfield></datafield><datafield ind1="0" ind2="7" tag="785"><subfield code="t">Johnson County news (Clarksville, Ark.)</subfield><subfield code="w">(DLC)sn 89051325</subfield></datafield><datafield ind1="0" ind2="7" tag="785"><subfield code="t">Herald-Democrat and the Johnson County news</subfield><subfield code="w">(DLC)sn 89051324</subfield></datafield><datafield ind1="1" ind2=" " tag="029"><subfield code="a">AU@</subfield><subfield code="b">000022167803</subfield></datafield></record>